@inbook{montecarlo,
author={Christiane Lemieux}, 
title={{Monte Carlo and Quasi-Monte Carlo Sampling}},
editor={Springer},
year={2009},
isbn={978-1441926760}
}
