
%%%%%%%%%%%% APPLICATIONS %%%%%%%%%%%%%%%

%% MPI CBG related

@article{preibisch2014efficient,
  title={Efficient Bayesian-based multiview deconvolution},
  author={Preibisch, Stephan and Amat, Fernando and Stamataki, Evangelia and Sarov, Mihail and Singer, Robert H and Myers, Eugene and Tomancak, Pavel},
  journal={nature methods},
  volume={11},
  number={6},
  pages={645--648},
  year={2014},
  publisher={Nature Publishing Group}
}

@article{schmid2015real,
  title={Real-time multi-view deconvolution},
  author={Schmid, Benjamin and Huisken, Jan},
  journal={Bioinformatics},
  volume={31},
  number={20},
  pages={3398--3400},
  year={2015},
  publisher={Oxford Univ Press}
}

%%%%%%%%%%%% Meterology

@article{maronga2015parallelized,
  title={The Parallelized Large-Eddy Simulation Model (PALM) version 4.0 for atmospheric and oceanic flows: model formulation, recent developments, and future perspectives},
  author={Maronga, Bj{\"o}rn and Gryschka, Micha and Heinze, Rieke and Hoffmann, Fabian and Kanani-S{\"u}hring, Farah and Keck, Marius and Ketelsen, K and Letzel, MO and S{\"u}hring, Matthias and Raasch, Siegfried},
  journal={Geoscientific Model Development Discussions 8 (2015), Nr. 2, S. 1539-1637},
  year={2015},
  publisher={G{\"o}ttingen: Copernicus}
}

%%%%%%%%%%%%% DNN

@inproceedings{collobert2011torch7,
  title={Torch7: A matlab-like environment for machine learning},
  author={Collobert, Ronan and Kavukcuoglu, Koray and Farabet, Cl{\'e}ment},
  booktitle={BigLearn, NIPS Workshop},
  number={EPFL-CONF-192376},
  year={2011}
}

@inproceedings{jia2014caffe,
  title={Caffe: Convolutional architecture for fast feature embedding},
  author={Jia, Yangqing and Shelhamer, Evan and Donahue, Jeff and Karayev, Sergey and Long, Jonathan and Girshick, Ross and Guadarrama, Sergio and Darrell, Trevor},
  booktitle={Proceedings of the 22nd ACM international conference on Multimedia},
  pages={675--678},
  year={2014},
  organization={ACM}
}

@article{abadi2016tensorflow,
  title={Tensorflow: Large-scale machine learning on heterogeneous distributed systems},
  author={Abadi, Mart{\i}n and Agarwal, Ashish and Barham, Paul and Brevdo, Eugene and Chen, Zhifeng and Citro, Craig and Corrado, Greg S and Davis, Andy and Dean, Jeffrey and Devin, Matthieu and others},
  journal={arXiv preprint arXiv:1603.04467},
  year={2016}
}

%%% SPIM

@article{huisken2004optical,
  title={Optical sectioning deep inside live embryos by selective plane illumination microscopy},
  author={Huisken, Jan and Swoger, Jim and Del Bene, Filippo and Wittbrodt, Joachim and Stelzer, Ernst HK},
  journal={Science},
  volume={305},
  number={5686},
  pages={1007--1009},
  year={2004},
  publisher={American Association for the Advancement of Science}
}

%%%%

@article{du2012cuda,
  title={From CUDA to OpenCL: Towards a performance-portable solution for multi-platform GPU programming},
  author={Du, Peng and Weber, Rick and Luszczek, Piotr and Tomov, Stanimire and Peterson, Gregory and Dongarra, Jack},
  journal={Parallel Computing},
  volume={38},
  number={8},
  pages={391--407},
  year={2012},
  publisher={Elsevier}
}

%%% Libraries

@Manual{nvidia2010cufft,
  title={CUFFT library},
  author={Nvidia, CUDA},
  year={2010},
  publisher={Version},
  url={https://developer.nvidia.com/cufft}
}


@Manual{clfft,
  title = 	 {clFFT - a software library containing FFT functions written in OpenCL},
  OPTkey = 	 {},
  OPTauthor = 	 {},
  OPTorganization = {},
  OPTaddress = 	 {},
  OPTedition = 	 {},
  OPTmonth = 	 {},
  OPTyear = 	 {},
  OPTnote = 	 {},
  OPTannote = 	 {},
  url = {https://github.com/clMathLibraries/clFFT}
}

@Article{FFTW05,
  author = 	 {Frigo, Matteo and Johnson, Steven~G.},
  title = 	 {The Design and Implementation of {FFTW3}},
  journal = 	 {Proceedings of the IEEE},
  year = 	 2005,
  volume =	 93,
  number =	 2,
  pages =	 {216--231},
  note =	 {Special issue on ``Program Generation, Optimization, and Platform Adaptation''}
}

@TechReport{FFTW97,
  author = 	 {Frigo, Matteo and Johnson, Steven~G.},
  title = 	 {The Fastest {Fourier} Transform in the West},
  institution =  {Massachusetts Institute of Technology},
  year = 	 1997,
  number =	 {MIT-LCS-TR-728},
  month =	 {September}
}

@misc{intel2007intel,
  title={Intel math kernel library},
  author={Intel, MKL},
  year={2007},
  publisher={ed}
}


%%%%%%%%%%%%%%%%% MISC %%%%%%%%%%%%%%%

@misc{meuer2011top500,
  title={Top500 supercomputing sites},
  author={Meuer, Hans and Strohmaier, Erich and Dongarra, Jack and Simon, Horst},
  year={2011},
  publisher={Technical report},
  url={https://www.top500.org/lists/2016/11/}
}

@Manual{gearshifft_github,
  title = 	 {gearshifft - Benchmark Suite for Heterogenuous FFT Implementations},
  OPTkey = 	 {},
  OPTauthor = 	 {},
  OPTorganization = {},
  OPTaddress = 	 {},
  OPTedition = 	 {},
  OPTmonth = 	 {},
  year = 	 {2016},
  OPTnote = 	 {},
  OPTannote = 	 {},
  url = {https://github.com/mpicbg-scicomp/gearshifft}
}

